%% REPLACE THIS WITH ONE GENERATED FROM MENDELEY
%% In Overleaf: Click Upload (small button at the top left)
%%  then "From Mendeley"

@incollection{Gauss1838,
    title = {{Allgemeine Theorie des Erdmagnetismus}},
    year = {1838},
    booktitle = {Werke},
    author = {Gauss, Carl Friedrich},
    pages = {119--193},
    publisher = {Springer Berlin Heidelberg},
    url = {http://link.springer.com/10.1007/978-3-642-49319-5_5},
    address = {Berlin, Heidelberg},
    doi = {10.1007/978-3-642-49319-5{\_}5}
}